<?xml version="1.0" encoding="UTF-8"?><collection xmlns="http://www.loc.gov/MARC21/slim"><record><leader>00496nam--2200181-u-4500</leader><controlfield tag="001">000055981</controlfield><controlfield tag="002">20161230</controlfield><controlfield tag="005">20170103010834</controlfield><controlfield tag="008">131107s1000------------r-----000-0-rum-d</controlfield><datafield ind1=" " ind2=" " tag="020"><subfield code="a">9789730148442</subfield></datafield><datafield ind1=" " ind2=" " tag="040"><subfield code="a">IFIN-HH</subfield></datafield><datafield ind1=" " ind2=" " tag="041"><subfield code="a">rum</subfield></datafield><datafield ind1="1" ind2=" " tag="100"><subfield code="a">Grigorescu, Leon Eric</subfield></datafield><datafield ind1="1" ind2="0" tag="245"><subfield code="a">Elemente de statistica matematica pentru experimentatori</subfield><subfield code="c">Leon Eric Grigorescu</subfield></datafield><datafield ind1=" " ind2=" " tag="260"><subfield code="a">Bucuresti-Magurele</subfield><subfield code="b">Ifin-hh</subfield><subfield code="c">2013</subfield></datafield><datafield ind1=" " ind2=" " tag="300"><subfield code="a">136 p</subfield></datafield><datafield ind1=" " ind2=" " tag="852"><subfield code="a">82369</subfield><subfield code="c">519.24</subfield></datafield><datafield ind1=" " ind2=" " tag="CAT"><subfield code="a">SYS</subfield><subfield code="c">20170103</subfield><subfield code="h">010834</subfield></datafield></record></collection>